<record xmlns='http://www.loc.gov/MARC21/slim'><leader>01155cim a22003252u 4500</leader><controlfield tag='001'>3601455</controlfield><controlfield tag='005'>20151214182848.0</controlfield><controlfield tag='007'>ss|lmnjluz|nuu</controlfield><controlfield tag='008'>991101s1983    nyunnn         l    eng d</controlfield><datafield ind1=' ' ind2=' ' tag='035'><subfield code='a'>(NIC)notisASF8520</subfield></datafield><datafield ind1=' ' ind2=' ' tag='035'><subfield code='a'>3601455</subfield></datafield><datafield ind1=' ' ind2=' ' tag='035'><subfield code='a'>(OCoLC)63897633</subfield></datafield><datafield ind1=' ' ind2=' ' tag='040'><subfield code='a'>NIC</subfield><subfield code='c'>NIC</subfield><subfield code='d'>NIC</subfield><subfield code='d'>NIC</subfield></datafield><datafield ind1='1' ind2=' ' tag='100'><subfield code='a'>Stoddard, Thomas B.</subfield></datafield><datafield ind1='1' ind2='0' tag='245'><subfield code='a'>Gay people and civil rights:  how far, how fast</subfield><subfield code='h'>[sound recording]</subfield></datafield><datafield ind1=' ' ind2=' ' tag='260'><subfield code='c'>1983.</subfield></datafield><datafield ind1=' ' ind2=' ' tag='300'><subfield code='a'>1 sound cassette :</subfield><subfield code='b'>analog, mono.</subfield></datafield><datafield ind1=' ' ind2=' ' tag='500'><subfield code='a'>Recorded in Ithaca, NY by Cornell University.</subfield></datafield><datafield ind1=' ' ind2=' ' tag='518'><subfield code='a'>Lecture, December 8, 1983.</subfield></datafield><datafield ind1=' ' ind2=' ' tag='520'><subfield code='a'>Stoddard describes gay rights at both the federal and state levels, as well as at Cornell University.</subfield></datafield><datafield ind1=' ' ind2='0' tag='650'><subfield code='a'>Civil rights</subfield><subfield code='z'>United States.</subfield></datafield><datafield ind1=' ' ind2='0' tag='650'><subfield code='a'>Discrimination in education.</subfield></datafield><datafield ind1=' ' ind2='0' tag='650'><subfield code='a'>Gay rights.</subfield></datafield><datafield ind1=' ' ind2='7' tag='650'><subfield code='a'>Civil rights</subfield><subfield code='2'>fast</subfield><subfield code='0'>(OCoLC)fst00862627</subfield></datafield><datafield ind1=' ' ind2='7' tag='650'><subfield code='a'>Discrimination in education</subfield><subfield code='2'>fast</subfield><subfield code='0'>(OCoLC)fst00895037</subfield></datafield><datafield ind1=' ' ind2='7' tag='650'><subfield code='a'>Gay rights</subfield><subfield code='2'>fast</subfield><subfield code='0'>(OCoLC)fst00939213</subfield></datafield><datafield ind1=' ' ind2='7' tag='651'><subfield code='a'>United States</subfield><subfield code='2'>fast</subfield><subfield code='0'>(OCoLC)fst01204155</subfield></datafield><datafield ind1='1' ind2=' ' tag='899'><subfield code='a'>CULectures</subfield></datafield><datafield ind1=' ' ind2=' ' tag='905'><subfield code='a'>20000327120000.0</subfield></datafield><datafield ind1='2' ind2=' ' tag='948'><subfield code='a'>20141221</subfield><subfield code='b'>m</subfield><subfield code='d'>batch</subfield><subfield code='e'>lts</subfield><subfield code='x'>addfast</subfield></datafield></record>